
@article{chr,
    Author = {S. U. Chase and D. K. Harrison and A. Rosenberg},
    Title = {Galois Theory and {Galois} Cohomology of Commutative Rings},
    Journal = {Memoirs of the American Mathematical Society},
    Volume = {52},
    Year = {1965}}
    
@book{paques,
    Author = {A. Paques},
    Title = {Teoría de {Galois} sobre Anillos Conmutativos},
    Year = {1999},
    Publisher = {Universidad de los Andes}}
    
@book{atiyah,
    Author = {M. F. Atiyah and I. G. Macdonald},
    Title = {Introduction to Commutative Algebra},
    Year = {1969},
    Publisher = {Addison-Wesley}}
    
@book{stewart,
    Author = {I. Stewart},
    Title = {Galois Theory},
    Year = {2015},
    Edition = {Fourth},
    Publisher = {Taylor \& Francis}}

@book{bourbaki,
    Author = {N. Bourbaki},
    Title = {Commutative Algebra},
    Publisher = {Springer-Verlag Berlin Heidelberg},
    Year = {1989}}

@book{fuller,
    Author = {F. W. Anderson and K. R. Fuller},
    Title = {Rings and Categories of Modules},
    Publisher = {Springer-Verlag New York},
    Series ={Graduate Texts in Mathematics},
    Volume = {13},
    Year = {1974}}

@book{zariski,
    Author = {O. Zariski and P. Samuel},
    Title = {Commutative Algebra I},
    Series ={Graduate Texts in Mathematics},
    Volume = {29},
    Publisher = {Springer-Verlag New York},
    Year = {1975}}
    
@article{zelinsky,
    Author ={A. Rosenberg and D. Zelinsky},
    Title = {On {Amitsur's} complex},
    Journal = {Trans. Amerc. Math. Soc.},
    Year ={1960},
    Volume = {97}}

@mastersthesis{dis:cohomologia,
    Title = {Dualidade de Grupos, Cohomologia Galoisiana e Correspondências de {Krummer}},
    Author={V. L. Lima},
    Year={2015},
    School = {Universidade Federal de Minas Gerais}}

@article{amitsur,
    Title = {Amitsur cohomology and the {Brauer} group},
    Author = {S. U. Chase and A. Rosenberg},
    Publisher = {American Mathematical Society},
    Journal = {Memoirs of the American Mathematical Society},
    Volume ={52},
    Year = {1964}}

@article{amitsur2,
    Title = {Simple Algebras and Cohomology Groups of Arbitrary Fields},
    Author = {S. A. Amitsur},
    Publisher = {American Mathematical Society},
    Journal = {Transactions of the American Mathematical Society},
    Volume = {90},
    Year = {1959}}
    
@article{thaisapaques,
    Author = {A. Paques and T. Tamusiunas},
    Journal = {Journal of Algebra},
    Year = {2018},
    Title = {The {Galois} correspondence theorem for grupoid actions}}
    
@booklet{alveri,
    Author = {A. A. Sant'Ana},
    Year = {2016},
    Title ={Uma introdução ao estudo dos anéis semissimples}
    }

@phdthesis{tese:primitivo,
    Title = {Grupos e Extensões de {Galois}},
    Author = {G. A. da C. Barreiros},
    Year = {2005},
    School = {Universidade do Porto}}

@article{brauer,
    Title = {The {Brauer} Group of a Commutative Ring},
    Author = {M. Auslander and O. Goldman},
    Year = {1960},
    Journal = {Transactions of the American Mathematical Society},
    Volume = {97}}
    
@mastersthesis{dis:brauer,
    Title = {Grupo de {Brauer} e o teorema de {Merkurjev}-{Suslin}},
    Author = {G. L. A. de Camargo},
    Year = {2013},
    School = {Universidade de São Paulo}}
    
@book{ford,
    Title = {Separable Algebras},
    Author = {T. J. Ford},
    Year = {2017},
    Publisher = {American Mathematical Society},
    Series = {Graduate Studies in Mathematics},
    Volume = {183}}
    
@phdthesis{oxford,
    Title = {The {Brauer} Group of Rational Numbers},
    Author = {H. Chen},
    School = {University of Oxford},
    Year = {2019}}
    
@misc{rapinchuk,
    Title = {The {Brauer} Group of a Field},
    Author = {I. Rapinchuk},
    URL = {https://sites.google.com/site/irapinchuk1/home},
    Year = {2012}}
    
@article{integers,
    Title = {On the {Brauer} Group of $\mathbb{Z}$},
    Author = {R. A. Morris},
    Year = {1971},
    Journal = {Pacific Journal of Mathematics},
    Volume = {39},
    Number = {3}}

@phdthesis{anelinteiro,
    Title = {Anéis de inteiros de corpos de números e aplicações},
    Author = {R. R. de Araujo},
    School = {Univerisade Estadual Paulista ``Júlio de Mesquita Filho''},
    Year = {2015}}
    
@article{pre:cohomologia,
    Title = {Group Cohomology and {Krummer} Theory},
    Author = {K. Harper},
    Year = {2010},
    Journal = {The University of Chicago}}